@Comment А вот так оформляется библиография при помощи BibTeX.
@Book{book1,
	title= "Making notifiers safe",
	author="Сorbet",
	publisher="https://lwn.net",
	year={2005}
}z
@Book{book2,
		title= "Keyboard notifier documentation",
		author="Samuel Thibault ",
		publisher="https://lwn.net",
		year={2008}
}

@Book{book3,
	title= "Исходные коды ядра Linux",
	publisher="http://elixir.free-electrons.com",
}
@Book{book4,
	title= "Анатомия загружаемых модулей ядра Linux",
	publisher="https://www.ibm.com/developerworks/ru/library/l-lkm/index.html",
	author="М. Джонс",
	year={2008}
}
